@article{ASD1,
author={Adams,Marcus P.},
year={2013},
title={Explaining the theory of mind deficit in autism spectrum disorder},
journal={Philosophical Studies: An International Journal for Philosophy in the Analytic Tradition},
volume={163},
number={1},
pages={233-249},
isbn={0031-8116},
language={English},
}
@INPROCEEDINGS{4813884, 
author={C. {Bartneck} and {Takayuki Kanda} and O. {Mubin} and A. A. {Mahmud}}, 
booktitle={2007 7th IEEE-RAS International Conference on Humanoid Robots}, 
title={The perception of animacy and intelligence based on a robot's embodiment}, 
year={2007}, 
volume={}, 
number={}, 
pages={300-305}, 
keywords={humanoid robots;human-robot interaction;intelligent robots;mobile robots;intelligent robot;human-robot interaction;animate behavior;robot embodiment;iCat;Robovie II;humanoid robot;Intelligent robots;Humans;Humanoid robots;Switches;Service robots;Facial animation;Pediatrics;Permission;Animals;Communication industry}, 
doi={10.1109/ICHR.2007.4813884}, 
ISSN={2164-0572}, 
month={Nov},}


@article{MOLLAHOSSEINI201825,
title = "Role of embodiment and presence in human perception of robots’ facial cues",
journal = "International Journal of Human-Computer Studies",
volume = "116",
pages = "25 - 39",
year = "2018",
issn = "1071-5819",
doi = "https://doi.org/10.1016/j.ijhcs.2018.04.005",
url = "http://www.sciencedirect.com/science/article/pii/S1071581918301745",
author = "Ali Mollahosseini and Hojjat Abdollahi and Timothy D. Sweeny and Ron Cole and Mohammad H. Mahoor",
keywords = "Social robot, Embodiment, Physical presence, Retro-projected robots",}

@article{VANDERWOERDT201993,
title = "When robots appear to have a mind: The human perception of machine agency and responsibility",
journal = "New Ideas in Psychology",
volume = "54",
pages = "93 - 100",
year = "2019",
issn = "0732-118X",
doi = "https://doi.org/10.1016/j.newideapsych.2017.11.001",
url = "http://www.sciencedirect.com/science/article/pii/S0732118X17300752",
author = "Sophie van der Woerdt and Pim Haselager",
keywords = "Agency, Responsibility, Human-robot interaction, Social cognition",}

@book{Reeves,
author={Reeves, B., and Nass, C. I.},
year ={1996}, 
title={The media equation: How people treat computers, television, and new media like real people and places.},
publisher={Cambridge University Press},
}

@article{ASD2,
author={Williams,David},
year={2010},
title={Theory of own mind in autism: Evidence of a specific deficit in self-awareness?},
journal={Autism},
volume={14},
number={5},
pages={474-494},
isbn={1362-3613},
language={English},
}

@article{ASD3,
author={Kimhi,Yael},
year={2014},
title={Theory of Mind Abilities and Deficits in Autism Spectrum Disorders},
journal={Topics in Language Disorders},
volume={34},
number={4},
pages={329-343},
isbn={0271-8294},
language={English},
}

@article{Schizophrenia,
author={Bosia,M. and Riccaboni,R. and Poletti,S.},
year={2012},
title={Neurofunctional Correlates of Theory of Mind Deficits in Schizophrenia},
journal={Current Topics in Medicinal Chemistry},
volume={12},
number={21},
pages={2284-2302},
isbn={1568-0266},
language={English},
}

@article{Schizophrenia2,
author={Schenkel,Lindsay S. and Spaulding,William D. and Silverstein,Steven M.},
year={2005},
title={Poor premorbid social functioning and theory of mind deficit in schizophrenia: evidence of reduced context processing?},
journal={Journal of Psychiatric Research},
volume={39},
number={5},
pages={499-508},
isbn={0022-3956},
language={English},

}
@inproceedings{Devin,
author={Devin,Sandra and Alami,Rachid},
editor={ },
year={2016},
title={An Implemented Theory of Mind to Improve Human-Robot Shared Plans Execution},
publisher={IEEE Press},
pages={319-326},
keywords={joint action; shared plan; theory of mind; hri; Context; Estimation; Collaboration; Computer architecture; Robot sensing systems; Monitoring},
isbn={1467383708;9781467383707;},
language={English},
}

@Article{BARTNECK,
  author= "Bartneck, Christoph and Croft, Elizabeth and Kulic, Danai and S. Zoghbi",
 title = "Measurement instruments for the anthropomorphism,
animacy, likeability, perceived intelligence, and
perceived safety of robots",
  journal       = "International Journal of Social Robotics",
   volume        = "1",
  number        = "1",
   month         = "",
   year          = "2009",
   pages         = "71-81",
   doi           = "10.1007/s12369-008-0001-3",
   url           = "",
   note          = "",
 }

@article{TORRALVA2007342,
  title={The relationship between affective decision-making and theory of mind in the frontal variant of fronto-temporal dementia},
  author={Torralva, Teresa and Kipps, Christopher M and Hodges, John R and Clark, Luke and Bekinschtein, Trist{\'a}n and Roca, Mar{\'\i}a and Calcagno, Mar{\'\i}a Lujan and Manes, Facundo},
  journal={Neuropsychologia},
  volume={45},
  number={2},
  pages={342--349},
  year={2007},
  publisher={Elsevier}
}

year={2007},
title = "The relationship between affective decision-making and theory of mind in the frontal variant of fronto-temporal dementia",
journal = "Neuropsychologia",
volume = "45",
number = "2",
pages = "342 - 349",
year = "2007",
issn = "0028-3932",
doi = "https://doi.org/10.1016/j.neuropsychologia.2006.05.031",
url = "http://www.sciencedirect.com/science/article/pii/S002839320600265X"}


@article{10.1093/brain/awf079,
    author = {Gregory, Carol and Lough, Sinclair and Stone, Valerie and Erzinclioglu, Sharon and Martin, Louise and Baron‐Cohen, Simon and Hodges, John R.},
    title = "{Theory of mind in patients with frontal variant frontotemporal dementia and Alzheimer’s disease: theoretical and practical implications}",
    journal = {Brain},
    volume = {125},
    number = {4},
    pages = {752-764},
    year = {2002},
    month = {04}}

@article{Wallis,
	author = {Peter Wallis, Emma Norling},
	title = {The Trouble with Chatbots: social skills in a social world},
	journal = {AISB 2005 Convention: Proceedings of the Joint Symposium on Virtual Social Agents: Social Presence Cues for Virtual Humanoids Empathic Interaction with Synthetic Characters Mind Minding Agents},
	pages = {29-36},
	year = {2005}}

@manual{PSI,
    author = {Kimberly A. Barchard,Leiszle Lapping-Carr, R. Shane Westfall, Santosh Balajee Banisetty, David Feil-Seifer},
    title = {Perceived Social Intelligence (PSI) Scales Test Manual},
    year = {2018}
}

@article{Kaptein,
author={Kaptein,MC M. and Markopoulos,P. P. and Ruyter,de, BER Boris and Aarts,EHL E.},
year={2011},
title={Two acts of social intelligence : the effects of mimicry and social praise on the evaluation of an artificial agent},
journal={AI \& Society : the Journal of Human-Centred Systems and Machine Intelligence},
volume={26},
number={3},
pages={261-273},
isbn={0951-5666},
language={English},
}
@Article{Qualtrics,
	title		= {Qualtrics Survey Platform},
	author		= "",
	journal	= {Qualtrics},
	publisher	= {Provo, Utah, USA},
	year= {2018}
}


@article{IJoC6277,
	author = {Gina Neff and Peter Nagy},
	title = {Automation, Algorithms, and Politics| Talking to Bots: Symbiotic Agency and the Case of Tay},
	journal = {International Journal of Communication},
	volume = {10},
	number = {0},
	year = {2016},
	keywords = {bots, human–computer interaction, agency, affordance, artificial intelligence}}

@Article{Maras2019,
author="Maras, Katie
and Marshall, Imogen
and Sands, Chloe",
title="Mock Juror Perceptions of Credibility and Culpability in an Autistic Defendant",
journal="Journal of Autism and Developmental Disorders",
year="2019",
month="Mar",
day="01",
volume="49",
number="3",
pages="996--1010"}

@Article{Heerink2010,
author="Heerink, Marcel
and Kr{\"o}se, Ben
and Evers, Vanessa
and Wielinga, Bob",
title="Assessing Acceptance of Assistive Social Agent Technology by Older Adults: the Almere Model",
journal="International Journal of Social Robotics",
year="2010",
month="Dec",
day="01",
volume="2",
number="4",
pages="361--375",
issn="1875-4805",
doi="10.1007/s12369-010-0068-5",
url="https://doi.org/10.1007/s12369-010-0068-5"
}


@article{shin,
   author = "Shin, Dong-Hee and Choo, Hyungseung",
   title = "Modeling the acceptance of socially interactive robotics: Social presence in human–robot interaction", 
   journal= "Interaction Studies",
   year = "2011",
   volume = "12",
   number = "3",
   pages = "430-460",
   doi = "https://doi.org/10.1075/is.12.3.04shi",
   url = "https://www.jbe-platform.com/content/journals/10.1075/is.12.3.04shi",
   publisher = "John Benjamins",
   issn = "1572-0373",
   type = "Journal Article"}

@article{BREAZEAL2003119,
title = "Emotion and sociable humanoid robots",
journal = "International Journal of Human-Computer Studies",
volume = "59",
number = "1",
pages = "119 - 155",
year = "2003",
note = "Applications of Affective Computing in Human-Computer Interaction",
issn = "1071-5819",
doi = "https://doi.org/10.1016/S1071-5819(03)00018-1",
url = "http://www.sciencedirect.com/science/article/pii/S1071581903000181",
author = "Cynthia Breazeal"}


@article{BARONCOHEN85,
title = "Does the autistic child have a “theory of mind” ?",
journal = "Cognition",
volume = "21",
number = "1",
pages = "37 - 46",
year = "1985",
issn = "0010-0277",
doi = "https://doi.org/10.1016/0010-0277(85)90022-8",
url = "http://www.sciencedirect.com/science/article/pii/0010027785900228",
author = "Simon Baron-Cohen and Alan M. Leslie and Uta Frith"}


@article{Dautenhahn94,
author={Dautenhahn,Kerstin},
year={2007},
title={Socially intelligent robots: dimensions of human–robot interaction},
journal={Philosophical Transactions of the Royal Society B: Biological Sciences},
volume={362},
number={1480},
pages={679-704}}

@article{dautenhahn98,
author = { Kerstin   Dautenhahn },
title = {THE ART OF DESIGNING SOCIALLY INTELLIGENT AGENTS: SCIENCE, FICTION, AND THE HUMAN IN THE LOOP},
journal = {Applied Artificial Intelligence},
volume = {12},
number = {7-8},
pages = {573-617},
year  = {1998},
publisher = {Taylor \& Francis},
doi = {10.1080/088395198117550},
URL = { https://doi.org/10.1080/088395198117550
},
eprint = { https://doi.org/10.1080/08839519811755
}
}

@article{dautenhahn2003, 
title={Roles and functions of robots in human society: implications from research in autism therapy}, volume={21}, DOI={10.1017/S0263574703004922}, number={4}, journal={Robotica}, publisher={Cambridge University Press}, author={Dautenhahn, Kerstin}, year={2003}, pages={443–452}}



@article{dautenhahn2004,
author = { Kerstin   Dautenhahn },
title = {Socially Intelligent agents in human primate cutlure},
journal = {Agent culture: human-agent interaction in a multicultural world},

pages = {45-71},
year  = {2004},
publisher = {Lawrence Erlbaum Associates},

}



@article{BREAZEAL2002481,
title = "Robots that imitate humans",
journal = "Trends in Cognitive Sciences",
volume = "6",
number = "11",
pages = "481 - 487",
year = "2002",
issn = "1364-6613",
doi = "https://doi.org/10.1016/S1364-6613(02)02016-8",
url = "http://www.sciencedirect.com/science/article/pii/S1364661302020168",
author = "Cynthia Breazeal and Brian Scassellati",
keywords = "Imitation, Human-Machine Interaction, Learning by Demonstration, Social Learning, Humanoid Robots, Machine Learning"
}

@article{Rosenthal-von,
author={Rosenthal-von der Pütten, Astrid M and Hoefinghoff,Jens},
year={2018},
title={The More the Merrier? Effects of Humanlike Learning Abilities on Humans’ Perception and Evaluation of a Robot},
journal={International Journal of Social Robotics},
volume={10},
number={4},
pages={455-472}}

@article{ salter08going,
    author={Salter, Tamie and Werry, Iain and Michaud, Francois},
    year={2008},
    title={Going into the wild in child–robot interaction studies: issues in social robotic development},
    journal={Intelligent Service Robotics},
    volume={1},
    number={2},
    pages={93-108}
}

@INPROCEEDINGS{827639,
author={K. {Dautenhahn} and A. {Billard}},
booktitle={1999 Third European Workshop on Advanced Mobile Robots (Eurobot'99). Proceedings (Cat. No.99EX355)},
title={Studying robot social cognition within a developmental psychology framework},
year={1999},
volume={},
number={},
pages={187-194},
keywords={intelligent control;artificial life;psychology;cognitive systems;mobile robots;user interfaces;interactive systems;robot social cognition;developmental psychology;cognitive development;social robotics;child;social environment;solitary thinker;Piaget;Vygotsky;socially intelligent agents;robotic agents;autonomous agents;teacher-learner setup;proto-language;humanoid doll robot;dynamic coupling;mobile robot;robot-human interaction dynamics;temporal coordination;Cognitive robotics;Cognition;Psychology;Robot kinematics;Human robot interaction;Intelligent agent;Intelligent robots;Autonomous agents;Educational robots;Humanoid robots},
doi={10.1109/EURBOT.1999.827639},
ISSN={},
month={Sep.},}

@article{DAUTENHAHN1995333,
title = "Getting to know each other: Artificial social intelligence for autonomous robots",
journal = "Robotics and Autonomous Systems",
volume = "16",
number = "2",
pages = "333 - 356",
year = "1995",
note = "Moving the Frontiers between Robotics and Biology",
issn = "0921-8890",
doi = "https://doi.org/10.1016/0921-8890(95)00054-2",
url = "http://www.sciencedirect.com/science/article/pii/0921889095000542",
author = "Kerstin Dautenhahn",
keywords = "Autonomous robots, Robot societies, Artificial social intelligence, Communication, Body images, Imitation, Movement learning"
}


@article{MAKRIDAKIS201746,
title = "The forthcoming Artificial Intelligence (AI) revolution: Its impact on society and firms",
journal = "Futures",
volume = "90",
pages = "46 - 60",
year = "2017",
issn = "0016-3287",
doi = "https://doi.org/10.1016/j.futures.2017.03.006",
url = "http://www.sciencedirect.com/science/article/pii/S0016328717300046",
author = "Spyros Makridakis",
keywords = "Artificial Intelligence (AI), Industrial revolution, Digital revolution, AI revolution, Impact of AI revolution, Benefits and dangers of AI technologies"
}


@article{ breazeal09embodied,
    author={Breazeal,Cynthia and Gray,Jesse and Berlin,Matt},
    year={2009},
    title={An Embodied Cognition Approach to Mindreading Skills for Socially Intelligent Robots},
    journal={The International Journal of Robotics Research},
    volume={28},
    number={5},
    pages={656-680},
    keywords={Technology application; Motion; Analysis; Telepathy; Research; Robotics; Robots; Cognition \& reasoning;   Vision systems; Man machine interaction},
    isbn={0278-3649},
    language={English},
}

@article{doi:10.1146/annurev-psych-120710-100449,
    author = {Frith, Chris D. and Frith, Uta},
    title = {Mechanisms of Social Cognition},
    journal = {Annual Review of Psychology},
    volume = {63},
    number = {1},
    pages = {287-313},
    year = {2012},
    doi = {10.1146/annurev-psych-120710-100449},
    note ={PMID: 21838544}
    
}
@article{LEMAIGNAN201745,
title = "Artificial cognition for social human-robot interaction: An implementation",
journal = "Artificial Intelligence",
volume = "247",
pages = "45 - 69",
year = "2017",
note = "Special Issue on AI and Robotics",
issn = "0004-3702",
doi = "https://doi.org/10.1016/j.artint.2016.07.002",
url = "http://www.sciencedirect.com/science/article/pii/S0004370216300790",
author = "SÃ©verin Lemaignan and Mathieu Warnier and E. Akin Sisbot and AurÃ©lie Clodic and Rachid Alami",
keywords = "Human-robot interaction, Cognitive robotics, Perspective taking, Cognitive architecture, Knowledge representation and reasoning"
}

@article{HENGSTLER2016105,
title = "Applied artificial intelligence and trust: The case of autonomous vehicles and medical assistance devices",
journal = "Technological Forecasting and Social Change",
volume = "105",
pages = "105 - 120",
year = "2016",
issn = "0040-1625",
doi = "https://doi.org/10.1016/j.techfore.2015.12.014",
url = "http://www.sciencedirect.com/science/article/pii/S0040162515004187",
author = "Monika Hengstler and Ellen Enkel and Selina Duelli",
keywords = "Artificial intelligence"
}

@article{DIRICAN2015564,
title = "The Impacts of Robotics, Artificial Intelligence On Business and Economics",
journal = "Procedia - Social and Behavioral Sciences",
volume = "195",
pages = "564 - 573",
year = "2015",
note = "World Conference on Technology, Innovation and Entrepreneurship",
issn = "1877-0428",
doi = "https://doi.org/10.1016/j.sbspro.2015.06.134",
url = "http://www.sciencedirect.com/science/article/pii/S1877042815036137",
author = "CÃŒneyt Dirican",
keywords = "Robots, Robotics, Artificial Intelligence, Hologram, Mecatronics, Business, Economics"}

@book{nehaniv_dautenhahn_2007, place={Cambridge}, title={Imitation and Social Learning in Robots, Humans and Animals: Behavioural, Social and Communicative Dimensions}, DOI={10.1017/CBO9780511489808}, publisher={Cambridge University Press}, year={2007}}


{@article{WU2012121,
title = "Designing robots for the elderly: Appearance issue and beyond",
journal = "Archives of Gerontology and Geriatrics",
volume = "54",
number = "1",
pages = "121 - 126",
year = "2012",
issn = "0167-4943",
doi = "https://doi.org/10.1016/j.archger.2011.02.003",
url = "http://www.sciencedirect.com/science/article/pii/S0167494311000288",
author = "Ya-Huei Wu and Christine Fassert and Anne-Sophie Rigaud",
keywords = "Assistive robots, Focus group, Needs of the elderly, Robot design"}

@article{WILTSHIRE2017190,
title = "Enabling robotic social intelligence by engineering human social-cognitive mechanisms",
journal = "Cognitive Systems Research",
volume = "43",
pages = "190 - 207",
year = "2017",
issn = "1389-0417",
doi = "https://doi.org/10.1016/j.cogsys.2016.09.005",
url = "http://www.sciencedirect.com/science/article/pii/S1389041716300493",
author = "Travis J. Wiltshire and Samantha F. Warta and Daniel Barber and Stephen M. Fiore",
keywords = "Human-robot interaction, Social cognition, Artificial cognitive systems, Robotics, Interaction dynamics"}


@article{feil-seifer2012distance-based,
  title={Distance-Based Computational Models for Facilitating Robot Interaction with Children},
  author={David Feil-Seifer and Maja Matarić},
  year={2012},
  month={July},
  journal={Journal of Human-Robot Interaction},
  volume={1},
  number={1},
  pages={55-77},
  doi={10.5898/JHRI.1.1.Feil-Seifer},
}

@inproceedings{forer2018socially-aware,
  title={Socially-Aware Navigation Using Non-Linear Multi-Objective Optimization},
  author={Scott Forer and Santosh Balajee Banisetty and Logan Yliniemi and Monica Nicolescu and David Feil-Seifer},
  year={2018},
  month={October},
  address={Madrid, Spain},
  doi={10.1109/IROS.2018.8593825},
  booktitle={IEEE/RSJ International Conference on Intelligent Robots and Systems},
}

% Those fields that are not to be changed can be left out or empty.
@IEEEtranBSTCTL{IEEEexample:BSTcontrol,
  CTLuse_article_number     = "yes",
  CTLuse_paper              = "yes",
  CTLuse_forced_etal        = "no",
  CTLmax_names_forced_etal  = "10",
  CTLnames_show_etal        = "1",
  CTLuse_alt_spacing        = "yes",
  CTLalt_stretch_factor     = "4",
  CTLdash_repeated_names    = "yes",
  CTLname_format_string     = "{f.~}{vv~}{ll}{, jj}",
  CTLname_latex_cmd         = ""
};



@inproceedings{devin2016implemented,
  title={An implemented theory of mind to improve human-robot shared plans execution},
  author={Devin, Sandra and Alami, Rachid},
  booktitle={2016 11th ACM/IEEE International Conference on Human-Robot Interaction (HRI)},
  pages={319--326},
  year={2016},
  organization={IEEE}
}

@article{gold2009using,
  title={Using probabilistic reasoning over time to self-recognize},
  author={Gold, Kevin and Scassellati, Brian},
  journal={Robotics and autonomous systems},
  volume={57},
  number={4},
  pages={384--392},
  year={2009},
  publisher={Elsevier}
}

@article{scassellati2002theory,
  title={Theory of mind for a humanoid robot},
  author={Scassellati, Brian},
  journal={Autonomous Robots},
  volume={12},
  number={1},
  pages={13--24},
  year={2002},
  publisher={Springer}
}

@inproceedings{hiatt2011accommodating,
  title={Accommodating human variability in human-robot teams through theory of mind},
  author={Hiatt, Laura M and Harrison, Anthony M and Trafton, J Gregory},
  booktitle={Twenty-Second International Joint Conference on Artificial Intelligence},
  year={2011}
}

@article{trafton2013act,
  title={Act-r/e: An embodied cognitive architecture for human-robot interaction},
  author={Trafton, J Gregory and Hiatt, Laura M and Harrison, Anthony M and Tamborello II, Franklin P and Khemlani, Sangeet S and Schultz, Alan C},
  journal={Journal of Human-Robot Interaction},
  volume={2},
  number={1},
  pages={30--55},
  year={2013},
  publisher={Journal of Human-Robot Interaction Steering Committee}
}

@article{kramer2011theory,
  title={Theory of companions: what can theoretical models contribute to applications and understanding of human-robot interaction?},
  author={Kr{\"a}mer, Nicole C and Eimler, Sabrina and von der P{\"u}tten, Astrid and Payr, Sabine},
  journal={Applied Artificial Intelligence},
  volume={25},
  number={6},
  pages={474--502},
  year={2011},
  publisher={Taylor \& Francis}
}